@article{Simon1955AChoice,
    title = {{A Behavioral Model of Rational Choice}},
    year = {1955},
    journal = {The Quarterly Journal of Economics},
    author = {Simon, Herbert A.},
    pages = {99--118},
    doi = {10.2307/1884852}
}

@book{Rezaei2018ATumor,
    title = {{A conditional adversarial network for semantic segmentation of brain tumor}},
    year = {2018},
    booktitle = {Lecture Notes in Computer Science (including subseries Lecture Notes in Artificial Intelligence and Lecture Notes in Bioinformatics)},
    author = {Rezaei, M. and Harmuth, K. and Gierke, W. and Kellermeier, T. and Fischer, M. and Yang, H. and Meinel, C.},
    number = {},
    volume = {10670 LNCS},
    isbn = {9783319752372},
    doi = {10.1007/978-3-319-75238-9{\_}21},
    issn = {16113349},
    keywords = {Brain tumor semantic segmentation, Conditional generative adversarial network, Survival day prediction}
}

@inproceedings{Kim2016AModel,
    title = {{A Cross-Correlation-Based Stock Forecasting Model}},
    year = {2016},
    booktitle = {Proceedings of The National Conference On Undergraduate Research},
    author = {Kim, Sungil}
}

@article{Bao2017AMemory.,
    title = {{A deep learning framework for financial time series using stacked autoencoders and long-short term memory.}},
    year = {2017},
    journal = {PloS one},
    author = {Bao, Wei and Yue, Jun and Rao, Yulei},
    number = {7},
    volume = {12},
    isbn = {1111111111},
    doi = {10.1371/journal.pone.0180944},
    issn = {1932-6203},
    pmid = {28708865}
}

@article{White1980AHeteroskedasticity,
    title = {{A Heteroskedasticity-Consistent Covariance Matrix Estimator and a Direct Test for Heteroskedasticity}},
    year = {1980},
    journal = {Econometrica},
    author = {White, Halbert},
    doi = {10.2307/1912934}
}

@book{Malkiel1973AStreet,
    title = {{A Random Walk Down Wall Street}},
    year = {1973},
    author = {Malkiel, Burton Gordon},
    publisher = {Norton}
}

@article{Breusch1979AVariation,
    title = {{A Simple Test for Heteroscedasticity and Random Coefficient Variation}},
    year = {1979},
    journal = {Econometrica},
    author = {Breusch, T. S. and Pagan, A. R.},
    doi = {10.2307/1911963}
}

@book{LopezdePrado2018AdvancesLearning,
    title = {{Advances in Financial Machine Learning}},
    year = {2018},
    author = {Lopez de Prado, Marcos},
    publisher = {Wiley},
    isbn = {978-1-119-48208-6}
}

@article{Koutra2016AlgorithmsMatching,
    title = {{Algorithms for Graph Similarity and Subgraph Matching}},
    year = {2016},
    journal = {Physical Review Letters},
    author = {Koutra, Danai and Parikh, Ankur and Ramdas, Aaditya and Xiang, Jing},
    isbn = {9780769544083},
    doi = {10.1103/PhysRevLett.116.082003},
    issn = {10797114},
    pmid = {6137301},
    arxivId = {1511.00549}
}

@article{Box1964AnTransformations,
    title = {{An Analysis of Transformations}},
    year = {1964},
    journal = {Journal of the Royal Statistical Society: Series B (Methodological)},
    author = {Box, G. E. P. and Cox, D. R.},
    doi = {10.1111/j.2517-6161.1964.tb00553.x}
}

@article{Shapiro1965AnSamples,
    title = {{An Analysis of Variance Test for Normality (Complete Samples)}},
    year = {1965},
    journal = {Biometrika},
    author = {Shapiro, S. S. and Wilk, M. B.},
    doi = {10.2307/2333709}
}

@article{Vanstone2009AnNetworks,
    title = {{An Empirical Methodology for Developing Stockmarket Trading Systems Using Artificial Neural Networks}},
    year = {2009},
    journal = {Expert Systems with Applications},
    author = {Vanstone, Bruce and Finnie, Gavin},
    pages = {6668--6680},
    publisher = {Pergamon Press, Inc.},
    url = {http://dx.doi.org/10.1016/j.eswa.2008.08.019},
    doi = {10.1016/j.eswa.2008.08.019},
    keywords = {Neural networks, Stockmarket trading}
}

@article{Narayan2005AreRoot,
    title = {{Are the Australian and New Zealand stock prices nonlinear with a unit root?}},
    year = {2005},
    journal = {Applied Economics},
    author = {Narayan, Paresh Kumar},
    doi = {10.1080/00036840500217887},
    issn = {00036846}
}

@article{Hsu2016BridgingEconomists,
    title = {{Bridging the divide in financial market forecasting: machine learners vs. financial economists}},
    year = {2016},
    journal = {Expert Systems with Applications},
    author = {Hsu, Ming Wei and Lessmann, Stefan and Sung, Ming Chien and Ma, Tiejun and Johnson, Johnnie E.V.},
    doi = {10.1016/j.eswa.2016.05.033}
}

@book{Regnault1863CalculBourse,
    title = {{Calcul des chances et philosophie de la bourse}},
    year = {1863},
    author = {Regnault, Jules},
    publisher = {Mallet-Bachelier}
}

@article{Engle1987Co-IntegrationTesting,
    title = {{Co-Integration and Error Correction: Representation, Estimation, and Testing}},
    year = {1987},
    journal = {Econometrica},
    author = {Engle, Robert F. and Granger, C. W. J.},
    doi = {10.2307/1913236}
}

@inproceedings{Zhai2007CombiningPrediction,
    title = {{Combining News and Technical Indicators in Daily Stock Price Trends Prediction}},
    year = {2007},
    booktitle = {Advances in Neural Networks – ISNN 2007},
    author = {Zhai, Yuzheng and Hsu, Arthur and Halgamuge, Saman K},
    pages = {1087--1096},
    publisher = {Springer},
    isbn = {978-3-540-72395-0}
}

@article{Matthews1975ComparisonLysozyme,
    title = {{Comparison of the predicted and observed secondary structure of T4 phage lysozyme}},
    year = {1975},
    journal = {Biochimica et Biophysica Acta (BBA) - Protein Structure},
    author = {Matthews, B W},
    number = {2},
    pages = {442 - 451},
    volume = {405},
    url = {http://www.sciencedirect.com/science/article/pii/0005279575901099},
    doi = {https://doi.org/10.1016/0005-2795(75)90109-9},
    issn = {0005-2795}
}

@article{Cavalcante2016ComputationalDirections,
    title = {{Computational Intelligence and Financial Markets: A Survey and Future Directions}},
    year = {2016},
    journal = {Expert Systems with Applications},
    author = {Cavalcante, Rodolfo C. and Brasileiro, Rodrigo C. and Souza, Victor L.F. and Nobrega, Jarley P. and Oliveira, Adriano L.I.},
    doi = {10.1016/j.eswa.2016.02.006},
    issn = {09574174},
    keywords = {Computational intelligence, Deep learning, Financial markets, Online learning, Trading systems}
}

@inproceedings{Ruiz2012CorrelatingActivity,
    title = {{Correlating Financial Time Series with Micro-blogging Activity}},
    year = {2012},
    booktitle = {Proceedings of the Fifth ACM International Conference on Web Search and Data Mining},
    author = {Ruiz, Eduardo J and Hristidis, Vagelis and Castillo, Carlos and Gionis, Aristides and Jaimes, Alejandro},
    publisher = {ACM},
    url = {http://doi.acm.org/10.1145/2124295.2124358},
    isbn = {978-1-4503-0747-5},
    doi = {10.1145/2124295.2124358},
    keywords = {financial time series, micro-blogging, social networks}
}

@misc{R.N.MANTEGNACross-correlationMarkets,
    title = {{Cross-correlation between stock prices in financial markets}},
    author = {{R. N. MANTEGNA}}
}

@article{Dean2016DangersModels,
    title = {{Dangers and uses of cross-correlation in analyzing time series in perception, performance, movement, and neuroscience: The importance of constructing transfer function autoregressive models}},
    year = {2016},
    journal = {Behavior Research Methods},
    author = {Dean, Roger T. and Dunsmuir, William T.M.},
    doi = {10.3758/s13428-015-0611-2},
    issn = {15543528},
    keywords = {Autocorrelation, Autoregression, Continuous responses, Cross-correlation, Granger causality, Prewhitening, Time series analysis, Transfer function modeling}
}

@article{Deng2017DeepTrading,
    title = {{Deep Direct Reinforcement Learning for Financial Signal Representation and Trading}},
    year = {2017},
    journal = {IEEE Transactions on Neural Networks and Learning Systems},
    author = {Deng, Yue and Bao, Feng and Kong, Youyong and Ren, Zhiquan and Dai, Qionghai},
    number = {3},
    volume = {28},
    doi = {10.1109/TNNLS.2016.2522401},
    issn = {21622388}
}

@article{Akita2016DeepInformation,
    title = {{Deep learning for stock prediction using numerical and textual information}},
    year = {2016},
    journal = {International Conference on Computer and Information Science},
    author = {Akita, Ryo and Yoshihara, Akira and Matsubara, Takashi and Uehara, Kuniaki},
    pages = {1--6}
}

@article{Chong2017DeepStudies,
    title = {{Deep learning networks for stock market analysis and prediction: Methodology, data representations, and case studies}},
    year = {2017},
    journal = {Expert Systems with Applications},
    author = {Chong, Eunsuk and Han, Chulwoo and Park, Frank C},
    pages = {187 - 205},
    volume = {83},
    url = {http://www.sciencedirect.com/science/article/pii/S0957417417302750},
    doi = {https://doi.org/10.1016/j.eswa.2017.04.030},
    issn = {0957-4174},
    keywords = {Covariance estimation, Deep learning, Multilayer neural network, Stock market prediction}
}

@article{Xiong2015DeepTrends,
    title = {{Deep Learning Stock Volatilities with Google Domestic Trends}},
    year = {2015},
    journal = {arXiv preprint arXiv:1512.04916},
    author = {Xiong, Ruoxuan and Nicholas, Eric P and Shen, Yuan}
}

@article{Li2017DiscoveringCompanies,
    title = {{Discovering public sentiment in social media for predicting stock movement of publicly listed companies}},
    year = {2017},
    journal = {Information Systems},
    author = {Li, Bing and Chan, Keith C.C. and Ou, Carol and Ruifeng, Sun},
    doi = {10.1016/j.is.2016.10.001}
}

@article{Stephens1974EDFComparisons,
    title = {{EDF statistics for goodness of fit and some comparisons}},
    year = {1974},
    journal = {Journal of the American Statistical Association},
    author = {Stephens, M. A.},
    doi = {10.1080/01621459.1974.10480196},
    issn = {1537274X}
}

@article{Fama1970EfficientWork,
    title = {{Efficient Capital Markets: A Review of Theory and Empirical Work}},
    year = {1970},
    journal = {The Journal of Finance},
    author = {Fama, Eugene F.},
    number = {2},
    month = {5},
    pages = {383},
    volume = {25},
    url = {https://www.jstor.org/stable/2325486?origin=crossref},
    doi = {10.2307/2325486},
    issn = {00221082}
}

@article{Jarque1980EfficientResiduals,
    title = {{Efficient tests for normality, homoscedasticity and serial independence of regression residuals}},
    year = {1980},
    journal = {Economics Letters},
    author = {Jarque, Carlos M. and Bera, Anil K.},
    doi = {10.1016/0165-1765(80)90024-5},
    issn = {01651765}
}

@article{Johansen1991EstimationModels,
    title = {{Estimation and Hypothesis Testing of Cointegration Vectors in Gaussian Vector Autoregressive Models}},
    year = {1991},
    journal = {Econometrica},
    author = {Johansen, Soren},
    doi = {10.2307/2938278}
}

@article{Ballings2015EvaluatingPrediction,
    title = {{Evaluating multiple classifiers for stock price direction prediction}},
    year = {2015},
    journal = {Expert Systems with Applications},
    author = {Ballings, Michel and Van Den Poel, Dirk and Hespeels, Nathalie and Gryp, Ruben},
    number = {20},
    doi = {10.1016/j.eswa.2015.05.013}
}

@phdthesis{Carletti2016ExactRecognition,
    title = {{Exact and Inexact Methods for Graph Similarity in Structural Pattern Recognition}},
    year = {2016},
    author = {Carletti, Vincenzo},
    school = {Universit{\'{e}} de Caen; Universita degli studi di Salerno}
}

@inproceedings{Rau1991ExtractingText,
    title = {{Extracting company names from text}},
    year = {1991},
    booktitle = {[1991] Proceedings. The Seventh IEEE Conference on Artificial Intelligence Application},
    author = {Rau, L F},
    month = {2},
    pages = {29--32},
    volume = {i},
    doi = {10.1109/CAIA.1991.120841}
}

@incollection{Hallin2014Gauss-MarkovStatistics,
    title = {{Gauss-Markov Theorem in Statistics}},
    year = {2014},
    booktitle = {Wiley StatsRef: Statistics Reference Online},
    author = {Hallin, Marc},
    doi = {10.1002/9781118445112.stat07536}
}

@article{Bollerslev1986GeneralizedHeteroskedasticity,
    title = {{Generalized autoregressive conditional heteroskedasticity}},
    year = {1986},
    journal = {Journal of Econometrics},
    author = {Bollerslev, Tim},
    pages = {307--327},
    publisher = {Elsevier}
}

@inproceedings{Kosapattarapim2017GrangerThailand,
    title = {{Granger causality between stock prices and currency exchange rates in Thailand}},
    year = {2017},
    booktitle = {AIP Conference Proceedings},
    author = {Kosapattarapim, Chaiwat},
    month = {3},
    pages = {50025},
    volume = {1905},
    doi = {10.1063/1.5012244}
}

@inproceedings{Daiber2013ImprovingExtraction,
    title = {{Improving Efficiency and Accuracy in Multilingual Entity Extraction}},
    year = {2013},
    booktitle = {Proceedings of the 9th International Conference on Semantic Systems (I-Semantics)},
    author = {Daiber, Joachim and Jakob, Max and Hokamp, Chris and Mendes, Pablo N},
    pages = {121--124}
}

@inproceedings{Chen2018IncorporatingPrediction,
    title = {{Incorporating Corporation Relationship via Graph Convolutional Neural Networks for Stock Price Prediction}},
    year = {2018},
    booktitle = {Proceedings of the ACM International Conference on Information and Knowledge Management},
    author = {Chen, Yingmei and Wei, Zhongyu and Huang, Xuanjing},
    pages = {1655--1658},
    publisher = {ACM},
    url = {http://doi.acm.org/10.1145/3269206.3269269},
    isbn = {978-1-4503-6014-2},
    doi = {10.1145/3269206.3269269}
}

@article{Croux2010InfluenceMeasures,
    title = {{Influence functions of the Spearman and Kendall correlation measures}},
    year = {2010},
    journal = {Statistical Methods and Applications},
    author = {Croux, Christophe and Dehon, Catherine},
    doi = {10.1007/s10260-010-0142-z},
    issn = {16182510},
    keywords = {Asymptotic variance, Correlation, Gross-error sensitivity, Influence function, Kendall correlation, Robustness, Spearman correlation}
}

@article{Vlastakis2012InformationVolatility,
    title = {{Information demand and stock market volatility}},
    year = {2012},
    journal = {Journal of Banking and Finance},
    author = {Vlastakis, Nikolaos and Markellos, Raphael N.},
    keywords = {Financial markets, Information demand, Risk aversion, Volatility}
}

@book{Dickey1976IntroductionSeries,
    title = {{Introduction to Statistical Time Series}},
    year = {1976},
    author = {Dickey, David A. and Fuller, Wayne A.},
    publisher = { New York: John Wiley},
    doi = {10.2307/1270782}
}

@article{Granger1969InvestigatingMethods,
    title = {{Investigating Causal Relations by Econometric Models and Cross-spectral Methods}},
    year = {1969},
    journal = {Econometrica},
    author = {Granger, C. W. J.},
    doi = {10.2307/1912791},
    issn = {00129682}
}

@article{Pincus2004IrregularitySeries,
    title = {{Irregularity, volatility, risk, and financial market time series}},
    year = {2004},
    journal = {Proceedings of the National Academy of Sciences},
    author = {Pincus, S. and Kalman, R. E.},
    doi = {10.1073/pnas.0405168101},
    issn = {0027-8424}
}

@inproceedings{Peng2016LeverageNetworks,
    title = {{Leverage Financial News to Predict Stock Price Movements Using Word Embeddings and Deep Neural Networks}},
    year = {2016},
    booktitle = {Annual Conference of the North American Chapter of the Association for Computational Linguistics: Human Language Technologies},
    author = {Peng, Yangtuo and Jiang, Hui}
}

@article{Feuerriegel2018Long-termDisclosures,
    title = {{Long-term stock index forecasting based on text mining of regulatory disclosures}},
    year = {2018},
    journal = {Decision Support Systems},
    author = {Feuerriegel, Stefan and Gordon, Julius},
    pages = {88--97},
    publisher = {North-Holland},
    url = {https://www.sciencedirect.com/science/article/pii/S0167923618301052},
    doi = {10.1016/J.DSS.2018.06.008}
}

@article{Yoo2005MachineEvaluation,
    title = {{Machine Learning Techniques and Use of Event Information for Stock Market Prediction: A Survey and Evaluation}},
    year = {2005},
    journal = {International Conference on Computational Intelligence for Modelling, Control and Automation and International Conference on Intelligent Agents, Web Technologies and Internet Commerce},
    author = {Yoo, Paul D and Kim, Maria H and Jan, Tony},
    pages = {835--841}
}

@inproceedings{Dionisio2004MutualSeries,
    title = {{Mutual information: A measure of dependency for nonlinear time series}},
    year = {2004},
    booktitle = {Physica A: Statistical Mechanics and its Applications},
    author = {Dionisio, Andreia and Menezes, Rui and Mendes, Diana A.},
    doi = {10.1016/j.physa.2004.06.144},
    issn = {03784371},
    keywords = {Efficient market hypothesis, Mutual information, Nonlinear dependence}
}

@article{Li2014NewsAnalysis,
    title = {{News impact on stock price return via sentiment analysis}},
    year = {2014},
    journal = {Knowledge-Based Systems},
    author = {Li, Xiaodong and Xie, Haoran and Chen, Li and Wang, Jianping and Deng, Xiaotie},
    pages = {14 - 23},
    url = {http://www.sciencedirect.com/science/article/pii/S0950705114001440},
    doi = {https://doi.org/10.1016/j.knosys.2014.04.022},
    keywords = {Experiment, News impact, Prediction, Sentiment, Stock price return}
}

@article{Kowalski1972OnCoefficient,
    title = {{On the Effects of Non-Normality on the Distribution of the Sample Product-Moment Correlation Coefficient}},
    year = {1972},
    journal = {Journal of the Royal Statistical Society: Series C (Applied Statistics)},
    author = {Kowalski, Charles J.},
    publisher = {JSTOR},
    doi = {10.2307/2346598}
}

@inproceedings{Lee2014OnPrediction,
    title = {{On the Importance of Text Analysis for Stock Price Prediction}},
    year = {2014},
    booktitle = {Proceedings of the Language Resources and Evaluation Conference},
    author = {Lee, Heeyoung and Surdeanu, Mihai and MacCartney, Bill and Jurafsky, Daniel},
    pages = {1170--1175}
}

@article{Newson2002ParametersDifferences,
    title = {{Parameters behind “Nonparametric” Statistics: Kendall's tau, Somers’ D and Median Differences}},
    year = {2002},
    journal = {The Stata Journal: Promoting communications on statistics and Stata},
    author = {Newson, Roger},
    doi = {10.1177/1536867x0200200103}
}

@article{Patel2015PredictingTechniques,
    title = {{Predicting stock and stock price index movement using Trend Deterministic Data Preparation and machine learning techniques}},
    year = {2015},
    journal = {Expert Systems with Applications},
    author = {Patel, Jigar and Shah, Sahil and Thakkar, Priyank and Kotecha, K.},
    number = {1},
    volume = {42},
    isbn = {09574174},
    doi = {10.1016/j.eswa.2014.07.040},
    issn = {09574174}
}

@article{Zhang2011PredictingFear,
    title = {{Predicting Stock Market Indicators Through Twitter “I hope it is not as bad as I fear”}},
    year = {2011},
    journal = {Procedia - Social and Behavioral Sciences},
    author = {Zhang, Xue and Fuehres, Hauke and Gloor, Peter A},
    pages = {55 - 62},
    url = {http://www.sciencedirect.com/science/article/pii/S1877042811023895},
    doi = {https://doi.org/10.1016/j.sbspro.2011.10.562},
    keywords = {Twitter, Web buzz analysis, coolhunting, economic indicator prediction}
}

@inproceedings{Yoshihara2014PredictingNetworks,
    title = {{Predicting Stock Market Trends by Recurrent Deep Neural Networks}},
    year = {2014},
    booktitle = {Pacific Rim International Conference on Artificial Intelligence},
    author = {Yoshihara, Akira and Fujikawa, Kazuki and Seki, Kazuhiro and Uehara, Kuniaki},
    pages = {759--769}
}

@article{Fleming1995PredictingMeasure,
    title = {{Predicting stock market volatility: A new measure}},
    year = {1995},
    journal = {Journal of Futures Markets},
    author = {Fleming, Jeff and Ostdiek, Barbara and Whaley, Robert E.},
    doi = {10.1002/fut.3990150303},
    issn = {10969934}
}

@inproceedings{Arndt2016ProbabilisticSearch,
    title = {{Probabilistic routing for on-street parking search}},
    year = {2016},
    booktitle = {Leibniz International Proceedings in Informatics, LIPIcs},
    author = {Arndt, T. and Hafner, D. and Kellermeier, T. and Krogmann, S. and Razmjou, A. and Krejca, M.S. and Rothenberger, R. and Friedrich, T.},
    number = {},
    volume = {57},
    isbn = {9783959770156},
    doi = {10.4230/LIPIcs.ESA.2016.6},
    issn = {18688969},
    keywords = {Constrained optimization, Dataset, On-street parking, Parking search, Probabilistic routing}
}

@article{Fama1965RandomPrices,
    title = {{Random walks in stock market prices}},
    year = {1965},
    journal = {Financial analysts journal},
    author = {Fama, Eugene F},
    pages = {55--59},
    publisher = {JSTOR}
}

@article{Millo2017RobustApproach,
    title = {{Robust Standard Error Estimators for Panel Models: A Unifying Approach}},
    year = {2017},
    journal = {Journal of Statistical Software},
    author = {Millo, Giovanni},
    doi = {10.18637/jss.v082.i03}
}

@article{Pedregosa2011Scikit-learnPython,
    title = {{Scikit-learn Machine Learning in Python}},
    year = {2011},
    journal = {Journal of Machine Learning Research},
    author = {Pedregosa, F and Varoquaux, G and Gramfort, A and Michel, V and Thirion, B and Grisel, O and Blondel, M and Prettenhofer, P and Weiss, R and Dubourg, V and Vanderplas, J and Passos, A and Cournapeau, D and Brucher, M and Perrot, M and Duchesnay, E},
    pages = {2825--2830}
}

@article{Granger1974SpuriousEconometrics,
    title = {{Spurious regressions in econometrics}},
    year = {1974},
    journal = {Journal of Econometrics},
    author = {Granger, C. W J and Newbold, P.},
    isbn = {9780470996249},
    doi = {10.1016/0304-4076(74)90034-7},
    issn = {03044076},
    pmid = {20812909}
}

@article{Wang2009StatisticalReturn,
    title = {{Statistical analysis of the overnight and daytime return}},
    year = {2009},
    journal = {Physical Review E},
    author = {Wang, Fengzhong and Shieh, Shwu Jane and Havlin, Shlomo and Stanley, H. Eugene},
    doi = {10.1103/PhysRevE.79.056109}
}

@book{Franke2010StatisticsMarkets,
    title = {{Statistics of Financial Markets}},
    year = {2010},
    booktitle = {Statistics of Financial Markets},
    author = {Franke, Jürgen and H{\"{a}}rdle, Wolfgang Karl and Hafner, Christian Matthias},
    doi = {10.1007/978-3-642-16521-4}
}

@article{Morgan1976StockHeteroscedasticity,
    title = {{Stock Prices and Heteroscedasticity}},
    year = {1976},
    journal = {The Journal of Business},
    author = {Morgan, I. G.},
    doi = {10.1086/295881}
}

@inproceedings{Yang2002SupportPrediction,
    title = {{Support Vector Machine Regression for Volatile Stock Market Prediction}},
    year = {2002},
    booktitle = {Intelligent Data Engineering and Automated Learning},
    author = {Yang, Haiqin and Chan, Laiwan and King, Irwin},
    pages = {391--396},
    publisher = {Springer}
}

@article{Meng2017SymmetricPolicies,
    title = {{Symmetric thermal optimal path and time-dependent lead-lag relationship: novel statistical tests and application to UK and US real-estate and monetary policies}},
    year = {2017},
    journal = {Quantitative Finance},
    author = {Meng, Hao and Xu, Hai Chuan and Zhou, Wei Xing and Sornette, Didier},
    doi = {10.1080/14697688.2016.1241424},
    issn = {14697696},
    keywords = {Housing market, Lead-lag structure, Monetary policy, Statistical test, Symmetric thermal optimal path}
}

@article{Brown1975TechniquesTime,
    title = {{Techniques for Testing the Constancy of Regression Relationships Over Time}},
    year = {1975},
    journal = {Journal of the Royal Statistical Society: Series B (Methodological)},
    author = {Brown, R. L. and Durbin, J. and Evans, J. M.},
    pages = {149--163},
    publisher = {Wiley},
    doi = {10.1111/j.2517-6161.1975.tb01532.x}
}

@article{Chicco2017TenBiology,
    title = {{Ten quick tips for machine learning in computational biology}},
    year = {2017},
    journal = {BioData Mining},
    author = {Chicco, Davide},
    number = {1},
    month = {12},
    pages = {35},
    volume = {10},
    doi = {10.1186/s13040-017-0155-3},
    issn = {1756-0381}
}

@article{Phillips1988TestingRegression,
    title = {{Testing for a unit root in time series regression}},
    year = {1988},
    journal = {Biometrika},
    author = {Phillips, Peter C B and Perron, Pierre},
    doi = {10.1093/biomet/75.2.335},
    issn = {00063444},
    keywords = {Brownian motion, Noncentral distribution, Time series, Unit root, Weak convergence}
}

@article{Durbin1971TestingRegression.III,
    title = {{Testing for serial correlation in least squares regression.III}},
    year = {1971},
    journal = {Biometrika},
    author = {Durbin, J. and Watson, G. S.},
    doi = {10.1093/biomet/58.1.1},
    issn = {00063444},
    keywords = {Distribution theory of rations of quadratic forms, Invariant tests, Least squares regression in time series, Residuals from regression, Serial correlation}
}

@article{Kwiatkowski1992TestingRoot,
    title = {{Testing the null hypothesis of stationarity against the alternative of a unit root}},
    year = {1992},
    journal = {Journal of Econometrics},
    author = {Kwiatkowski, Denis and Phillips, Peter C.B. and Schmidt, Peter and Shin, Yongcheol},
    doi = {10.1016/0304-4076(92)90104-Y}
}

@article{Bishara2012TestingApproaches,
    title = {{Testing the significance of a correlation with nonnormal data: Comparison of Pearson, Spearman, transformation, and resampling approaches}},
    year = {2012},
    journal = {Psychological Methods},
    author = {Bishara, Anthony J. and Hittner, James B.},
    doi = {10.1037/a0028087},
    issn = {1082989X},
    keywords = {Correlation, Nonnormal, Pearson, Spearman, Transformation}
}

@article{DAgostino1973Testsb,
    title = {{Tests for departure from normality. Empirical results for the distributions of B and √b}},
    year = {1973},
    journal = {Biometrika},
    author = {D'Agostino, Ralph and Pearson, E. S.},
    doi = {10.1093/biomet/60.3.613},
    issn = {00063444},
    keywords = {Directional tests, Omnibus tests, Simulation, Skewness and kurtosis, Testing for departure from normality, Third and fourth moment statistics}
}

@article{KhadjehNassirtoussi2014TextReview,
    title = {{Text mining for market prediction: A systematic review}},
    year = {2014},
    journal = {Expert Systems with Applications},
    author = {Khadjeh Nassirtoussi, Arman and Aghabozorgi, Sr and Wah, Teh and Ngo, David},
    pages = {7653--7670},
    doi = {10.1016/j.eswa.2014.06.009}
}

@article{KhadjehNassirtoussi2015TextSentiment,
    title = {{Text mining of news-headlines for FOREX market prediction: A Multi-layer Dimension Reduction Algorithm with semantics and sentiment}},
    year = {2015},
    journal = {Expert Systems with Applications},
    author = {Khadjeh Nassirtoussi, Arman and Aghabozorgi, Saeed and Ying Wah, Teh and Ngo, David Chek Ling},
    keywords = {FOREX prediction, Market prediction, Market sentiment analysis, News mining, News semantic analysis}
}

@article{Massey1951TheFit,
    title = {{The Kolmogorov-Smirnov Test for Goodness of Fit}},
    year = {1951},
    journal = {Journal of the American Statistical Association},
    author = {Massey, Frank J.},
    doi = {10.1080/01621459.1951.10500769},
    issn = {1537274X}
}

@article{Bachelier1900TheorySpeculation,
    title = {{Theory of Speculation}},
    year = {1900},
    journal = {Annales scientifiques de l'{\'{E}}cole normale sup{\'{e}}rieure},
    author = {Bachelier, L.},
    isbn = {2876471299},
    doi = {10.24033/asens.476},
    issn = {0012-9593},
    pmid = {22855}
}

@article{Box1970TimeControl,
    title = {{Time Series Analysis Forecasting And Control}},
    year = {1970},
    journal = {Journal of Time Series Analysis},
    author = {Box, G E P and Jenkins, G M},
    month = {4},
    doi = {10.2307/1912100}
}

@article{Sun2016TradePrediction,
    title = {{Trade the tweet: Social media text mining and sparse matrix factorization for stock market prediction}},
    year = {2016},
    journal = {International Review of Financial Analysis},
    author = {Sun, Andrew and Lachanski, Michael and Fabozzi, Frank J.}
}

@misc{Hong1998TradingClosures,
    title = {{Trading and Returns Under Periodic Market Closures}},
    year = {1998},
    author = {Hong, Harrison and Wang, Jiang and Heaton, John and Holden, Craig and Lo, Andrew and Slezak, Steve and Stein, Jeremy and (the, Rene Stulz}
}

@article{Bollen2011TwitterMarket,
    title = {{Twitter mood predicts the stock market}},
    year = {2011},
    journal = {Journal of Computational Science},
    author = {Bollen, Johan and Mao, Huina and Zeng, Xiaojun},
    number = {1},
    pages = {1 - 8},
    volume = {2},
    url = {http://www.sciencedirect.com/science/article/pii/S187775031100007X},
    doi = {https://doi.org/10.1016/j.jocs.2010.12.007},
    issn = {1877-7503},
    keywords = {Collective mood, Sentiment tracking, Social networks, Stock market}
}

@article{Salisu2016UnitSeries,
    title = {{Unit root modeling for trending stock market series}},
    year = {2016},
    journal = {Borsa Istanbul Review},
    author = {Salisu, Afees A. and Ndako, Umar B. and Oloko, Tirimisiyu F. and Akanni, Lateef O.},
    doi = {10.1016/j.bir.2016.05.001},
    issn = {22148469},
    keywords = {Conditional heteroscedasticity, Stock market, Structural break, Trend, Unit root}
}

@inproceedings{Tsantekidis2017UsingMarkets,
    title = {{Using deep learning to detect price change indications in financial markets}},
    year = {2017},
    booktitle = {European Signal Processing Conference},
    author = {Tsantekidis, Avraam and Passalis, Nikolaos and Tefas, Anastasios and Kanniainen, Juho and Gabbouj, Moncef and Iosifidis, Alexandros},
    pages = {2511--2515}
}

@inproceedings{Ding2014UsingInvestigation,
    title = {{Using Structured Events to Predict Stock Price Movement: An Empirical Investigation}},
    year = {2014},
    booktitle = {Proceedings of the Conference on Empirical Methods in Natural Language Processing},
    author = {Ding, Xiao and Zhang, Yue and Liu, Ting and Duan, Junwen},
    pages = {1415–1425}
}

@article{Yule1926WhyTime-Series,
    title = {{Why do we Sometimes get Nonsense-Correlations between Time-Series?--A Study in Sampling and the Nature of Time-Series}},
    year = {1926},
    journal = {Journal of the Royal Statistical Society},
    author = {Yule, G. Udny},
    doi = {10.2307/2341482}
}